@book{book1,
  language = { russian },
  title = { Библиотека-2.0: концепеция библиотеки второго поколения},
  author = { Соловяненко Д. },
  publisher = { Библиотечный вестник },
  year = { 2007 },
  isbn = { 0-201-74395-7 },
  numpages = { 20 },
}
@misc{book2,
  language = { english },
  title = { The attention economy: an overview},
  author = { Iskold Alex, MacMannus Richard },
  publisher = { Вильямс },
  year = { 2011 },
  howpublished{ \url{http://www.readwriteweb.com/archives/attention_economy_overview.html} }
}
@book{book3,
  language = { russian },
  title = { Методы рекомендаций },
  author = {Горностай М.П.},
  publisher = { Экспертные и Интеллекутальные системы},
  year = { 2007 },
  numpages = { 36--54 },
  address = { М. }
}
@book{book4,
  language = { russian },
  title = { Алгоритмы: введение в разработку и анализ },
  author = { Ананий В. Левитин },
  publisher = { Вильямс },
  year = { 2006 },
  isbn = { 0-201-74395-7 },
  numpages = { 157 },
  address = { М. }
}
@book{book5,
  title = {Maximum likelihood from incomplete data via the EM algorithm},
  author = { A.P. Dempster, N.M. Laird, D.B. Rubin},
  year = {1977},
  publisher = { J. Royal Stat. Soc. Ser. B, 39 },
  language = {english}
}
